<record><leader>00000cas a22000007a 4500</leader><controlfield tag="001">27969778</controlfield><controlfield tag="008">930423d19271934scuwr ne      0    0eng d</controlfield><datafield ind1=" " ind2=" " tag="010"><subfield code="a">sn 93067706 </subfield></datafield><datafield ind1=" " ind2=" " tag="040"><subfield code="a">SVN</subfield><subfield code="b">eng</subfield><subfield code="c">SVN</subfield><subfield code="d">OCLCQ</subfield><subfield code="d">SUC</subfield><subfield code="d">OCLCF</subfield></datafield><datafield ind1=" " ind2=" " tag="042"><subfield code="a">msc</subfield></datafield><datafield ind1=" " ind2=" " tag="043"><subfield code="a">n-us-sc</subfield></datafield><datafield ind1="0" ind2="0" tag="245"><subfield code="a">Dorchester County record.</subfield></datafield><datafield ind1=" " ind2=" " tag="260"><subfield code="a">St. George, S.C. :</subfield><subfield code="b">Record Pub. Co.</subfield></datafield><datafield ind1=" " ind2=" " tag="300"><subfield code="a">v.</subfield></datafield><datafield ind1=" " ind2=" " tag="310"><subfield code="a">Weekly</subfield></datafield><datafield ind1="1" ind2=" " tag="362"><subfield code="a">Began in 1927; ceased in 1934.</subfield></datafield><datafield ind1=" " ind2=" " tag="588"><subfield code="a">Description based on: Vol. 1, no. 7 (Oct. 20, 1927).</subfield></datafield><datafield ind1=" " ind2="0" tag="651"><subfield code="a">Dorchester County (S.C.)</subfield><subfield code="v">Newspapers.</subfield></datafield><datafield ind1=" " ind2="7" tag="655"><subfield code="a">Newspapers.</subfield><subfield code="2">fast</subfield><subfield code="0">(OCoLC)fst01423814</subfield></datafield><datafield ind1=" " ind2="7" tag="651"><subfield code="a">South Carolina</subfield><subfield code="z">Dorchester County.</subfield><subfield code="2">fast</subfield><subfield code="0">(OCoLC)fst01206162</subfield></datafield><datafield ind1=" " ind2=" " tag="752"><subfield code="a">United States</subfield><subfield code="b">South Carolina</subfield><subfield code="c">Dorchester</subfield><subfield code="d">Saint George.</subfield></datafield><datafield ind1="0" ind2="7" tag="785"><subfield code="t">Dorchester eagle</subfield><subfield code="w">(DLC)sn 86063751</subfield><subfield code="w">(OCoLC)13612008</subfield></datafield><datafield ind1="0" ind2="7" tag="785"><subfield code="t">Dorchester eagle-record</subfield><subfield code="w">(DLC)sn 93067731</subfield><subfield code="w">(OCoLC)27969769</subfield></datafield></record>